@book{SICILIANO_rhandbook,
    author    = "Bruno Siciliano and Oussama Khatib",
    title     = "ed. Springer Handbook of Robotics",
    publisher = "Berlin, Heidelberg: Springer-Verlag",
    year      = "2016",
    pages     = "11 -- 33",
    ISBN      = "978-3-319-32550-7",
}
